@book{louden97-pt,
	author = {Louden, Kenneth C.},
	title = {Compiladores: Princípios and Prática},
	year = {2004},
	isbn = {8522104220},
	publisher = {Thomson Pioneira},
	address = {São Paulo},
}

@BOOK{new-dragon,
	author = {Alfred V. Aho and Ravi Sethi and Jeffrey D. Ullman},
	title = "Compilers: Principles, Techniques and Tools",
	publisher = "Addison-Wesley",
	year = "1988"
}
@Book{aho-sethi-ullman,
	author = {Alfred V. Aho and Ravi Sethi and Jeffrey D. Ullman},
	title = "Compilers. Principles, Techniques and Tools",
	publisher = "Addison Wesley",
	year = "1986"
}
@Book{aho74:,
	author = {A. V. Aho and J. E. Hopcroft and J. D. Ullman},
	title = {The Design and Analysis of Computer Algorithms},
	publisher = {Addison-Wesley Publishing Company},
	year = 1974
}

@book{louden97,
	author = {Louden, Kenneth C.},
	title = {Compiler Construction: Principles and Practice},
	year = {1997},
	isbn = {0534939724},
	publisher = {PWS Publishing Co.},
	address = {Boston, MA, USA},
}

